<record><leader>00000cas a22000007a 4500</leader><controlfield tag="001">23063536</controlfield><controlfield tag="008">910205d18771885nyuwr ne      0    0eng d</controlfield><datafield ind1=" " ind2=" " tag="010"><subfield code="a">sn 90066610 </subfield></datafield><datafield ind1=" " ind2=" " tag="040"><subfield code="a">NYG</subfield><subfield code="b">eng</subfield><subfield code="c">NYG</subfield><subfield code="d">NYS</subfield><subfield code="d">OCLCQ</subfield></datafield><datafield ind1=" " ind2=" " tag="042"><subfield code="a">msc</subfield></datafield><datafield ind1="0" ind2="4" tag="245"><subfield code="a">The Cobleskill herald.</subfield></datafield><datafield ind1=" " ind2=" " tag="260"><subfield code="a">Cobleskill, Schoharie County, N.Y. :</subfield><subfield code="b">Johnson &amp; Hodges</subfield></datafield><datafield ind1=" " ind2=" " tag="300"><subfield code="a">v. :</subfield><subfield code="b">ill. ;</subfield><subfield code="c">69 cm.</subfield></datafield><datafield ind1=" " ind2=" " tag="310"><subfield code="a">Weekly</subfield></datafield><datafield ind1="1" ind2=" " tag="362"><subfield code="a">Began in 1877? Ceased in 1885?</subfield></datafield><datafield ind1=" " ind2=" " tag="588"><subfield code="a">Description based on: Vol. 2, no. 6 (Nov. 1, 1878).</subfield></datafield><datafield ind1=" " ind2="4" tag="651"><subfield code="a">Cobleskill (N.Y.)</subfield><subfield code="v">Newspapers.</subfield></datafield><datafield ind1=" " ind2=" " tag="752"><subfield code="a">United States</subfield><subfield code="b">New York</subfield><subfield code="c">Schoharie</subfield><subfield code="d">Cobleskill.</subfield></datafield><datafield ind1="0" ind2="0" tag="785"><subfield code="t">Cobleskill times</subfield><subfield code="w">(DLC)sn 88074127</subfield></datafield><datafield ind1="1" ind2=" " tag="029"><subfield code="a">AU@</subfield><subfield code="b">000025871768</subfield></datafield></record>